<record><leader>00000cas a22000007a 4500</leader><controlfield tag="001">40842174</controlfield><controlfield tag="008">990223d19881992tnuwr ne      0    0eng d</controlfield><datafield ind1=" " ind2=" " tag="010"><subfield code="a">sn 99065747 </subfield></datafield><datafield ind1=" " ind2=" " tag="040"><subfield code="a">TGN</subfield><subfield code="b">eng</subfield><subfield code="c">TGN</subfield><subfield code="d">OCLCF</subfield><subfield code="d">OCLCO</subfield></datafield><datafield ind1="1" ind2=" " tag="029"><subfield code="a">AU@</subfield><subfield code="b">000020041901</subfield></datafield><datafield ind1=" " ind2=" " tag="042"><subfield code="a">msc</subfield></datafield><datafield ind1="0" ind2="0" tag="245"><subfield code="a">Carroll County news.</subfield></datafield><datafield ind1=" " ind2=" " tag="260"><subfield code="a">Huntingdon, Tenn. :</subfield><subfield code="b">D.M. &amp; L.H. Richardson,</subfield><subfield code="c">1988-1992.</subfield></datafield><datafield ind1=" " ind2=" " tag="300"><subfield code="a">v.</subfield></datafield><datafield ind1=" " ind2=" " tag="310"><subfield code="a">Weekly</subfield></datafield><datafield ind1="0" ind2=" " tag="362"><subfield code="a">Vol. 101, no. 28 (July 13, 1988)-v. 105, no. 9 (Feb. 26, 1992).</subfield></datafield><datafield ind1=" " ind2=" " tag="580"><subfield code="a">Merged with: Carroll leader, to form: Carroll County news-leader (Huntingdon, Tenn.).</subfield></datafield><datafield ind1=" " ind2="0" tag="651"><subfield code="a">Huntingdon (Tenn.)</subfield><subfield code="v">Newspapers.</subfield></datafield><datafield ind1=" " ind2="0" tag="651"><subfield code="a">Carroll County (Tenn.)</subfield><subfield code="v">Newspapers.</subfield></datafield><datafield ind1=" " ind2="7" tag="655"><subfield code="a">Newspapers.</subfield><subfield code="2">fast</subfield><subfield code="0">(OCoLC)fst01423814</subfield></datafield><datafield ind1=" " ind2="7" tag="651"><subfield code="a">Tennessee</subfield><subfield code="z">Carroll County.</subfield><subfield code="2">fast</subfield><subfield code="0">(OCoLC)fst01206691</subfield></datafield><datafield ind1=" " ind2="7" tag="651"><subfield code="a">Tennessee</subfield><subfield code="z">Huntingdon.</subfield><subfield code="2">fast</subfield><subfield code="0">(OCoLC)fst01229298</subfield></datafield><datafield ind1=" " ind2=" " tag="752"><subfield code="a">United States</subfield><subfield code="b">Tennessee</subfield><subfield code="c">Carroll</subfield><subfield code="d">Huntingdon.</subfield></datafield><datafield ind1="0" ind2="0" tag="780"><subfield code="t">Carroll County democrat, Carroll County news</subfield><subfield code="w">(DLC)sn 99065746</subfield></datafield><datafield ind1="1" ind2="7" tag="785"><subfield code="t">Carroll leader</subfield><subfield code="w">(DLC)sn 89049032</subfield></datafield><datafield ind1="1" ind2="7" tag="785"><subfield code="t">Carroll County news-leader (Huntingdon, Tenn.)</subfield><subfield code="w">(DLC)sn 99065748</subfield></datafield></record>